<record xmlns:xsi="http://www.w3.org/2001/XMLSchema-instance" xmlns="http://www.loc.gov/MARC21/slim" xsi:schemaLocation="http://www.loc.gov/MARC21/slim http://www.loc.gov/standards/marcxml/schema/MARC21slim.xsd">

  <leader>00479nam a2200145Ia 4500</leader>
  <datafield ind1=" " ind2=" " tag="999">
    <subfield code="c">2075</subfield>
    <subfield code="d">2075</subfield>
  </datafield>
  <controlfield tag="008">180828b2008    cr ||||| |||| 00| | spa d</controlfield>
  <datafield ind1=" " ind2=" " tag="090">
    <subfield code="a">13.06.01 1631</subfield>
    <subfield code="b">1631</subfield>
  </datafield>
  <datafield tag="111" ind2=" " ind1=" ">
    <subfield code="a">Asociación de Profesores de Segunda Enseñanza</subfield>
    <subfield code="9">4149</subfield>
  </datafield>
  <datafield tag="245" ind2="0" ind1="1">
    <subfield code="a">Memoria sobre la huelga del 2008/ </subfield>
    <subfield code="c">Asociación de Profesores de Segunda Enseñanza</subfield>
  </datafield>
  <datafield ind1=" " tag="260" ind2=" ">
    <subfield code="a">San José, Costa Rica : </subfield>
    <subfield code="b">APSE, </subfield>
    <subfield code="c">2008?</subfield>
  </datafield>
  <datafield ind1=" " tag="300" ind2=" ">
    <subfield code="a">72 páginas</subfield>
  </datafield>
  <datafield ind1="1" ind2="4" tag="650">
    <subfield code="a">HUELGAS</subfield>
    <subfield code="9">4150</subfield>
  </datafield>
  <datafield ind1="1" tag="651" ind2="4">
    <subfield code="9">47</subfield>
    <subfield code="a">COSTA RICA</subfield>
  </datafield>
  <datafield ind1=" " ind2=" " tag="942">
    <subfield code="2">z</subfield>
    <subfield code="c">01</subfield>
  </datafield>
</record>